/home/float/Dropbox/reading/cleanrefs.bib